@INPROCEEDINGS{4272027, 
	author={A. Slingsby and J. Dykes and J. Wood and K. Clarke}, 
	booktitle={Information Visualization, 2007. IV '07. 11th International Conference}, 
	title={Interactive Tag Maps and Tag Clouds for the Multiscale Exploration of Large Spatio-temporal Datasets}, 
	year={2007}, 
	volume={}, 
	number={}, 
	pages={497-504}, 
	keywords={geographic information systems;temporal databases;visual databases;Google Earth;Yahoo! Tag Map applet;geographically referenced text;interactive tag cloud;interactive tag map;large spatio-temporal dataset;rapid prototyping method;Data visualization;Earth;Filtering;Geography;Informatics;Labeling;Prototypes;Rivers;Tag clouds;Video sharing}, 
	doi={10.1109/IV.2007.71}, 
	ISSN={1550-6037}, 
	month={July},}

@ARTICLE{4376131, 
	author={F. B. Viegas and M. Wattenberg and F. van Ham and J. Kriss and M. McKeon}, 
	journal={IEEE Transactions on Visualization and Computer Graphics}, 
	title={ManyEyes: a Site for Visualization at Internet Scale}, 
	year={2007}, 
	volume={13}, 
	number={6}, 
	pages={1121-1128}, 
	keywords={Web sites;data analysis;data visualisation;Internet scale;Many Eyes;data analysis;data visualization;public Web site;Collaboration;Collaborative tools;Data analysis;Data visualization;Displays;Eyes;Internet;Publishing;Space technology;Web page design;Communication-Minded Visualization.;Social Data Analysis;Social Software;Visualization;World Wide Web;Communication;Computer Graphics;Cooperative Behavior;Information Dissemination;Information Storage and Retrieval;Internet;Software;Software Design;User-Computer Interface}, 
	doi={10.1109/TVCG.2007.70577}, 
	ISSN={1077-2626}, 
	month={Nov},}


@misc{Grinstein:2002:IVV,
  author = {Georges Grinstein and Daniel Keim and Matthew Ward},
  title = {Information Visualization, Visual Data Mining, and Its Application to Drug Design},
  howpublished = {IEEE Visualization Course \#1 Notes},
  month = {October},
  year = {2002},
	url = {http://vis.computer.org/vis2002/program/tutorials/tutorial_01_abstract.html}
}

@Article{Isenberg:2017:VMC,
  author = {Petra Isenberg and Florian Heimerl and Steffen Koch and Tobias Isenberg and Panpan Xu and Chad Stolper and Michael Sedlmair and Jian Chen and Torsten M{\"o}ller and John Stasko},
	title = {{vispubdata.org: A Metadata Collection about {IEEE} Visualization ({VIS}) Publications}},
	journal = {IEEE Transactions on Visualization and Computer Graphics},
	year = {2017},
	volume = {23},
	OPTnumber = {},
	OPTmonth = {},
	OPTpages = {},
	doi = {http://dx.doi.org/10.1109/TVCG.2016.2615308},
  OPTgooglescholarid = {},
	note = {To appear},
}

@mastersthesis{Kindlmann:1999:SAG,
  author = {Gordon Kindlmann},
  title = {Semi-Automatic Generation of Transfer Functions for Direct Volume Rendering},
  school = {Cornell University},
	address = {USA},
	url = {http://www.graphics.cornell.edu/pubs/1999/Kin99.html},
  year = 1999,
}

@manual{Kitware:2003,
  title = {The Visualization Toolkit User's Guide},
  organization = {Kitware, Inc.},
  year = {2003},
  month = {January},
	url = {http://www.kitware.com/publications/item/view/1269}
}

@phdthesis{Levoy:1989:DSV,
  author = {Marc Levoy},
  title = {Display of Surfaces from Volume Data},
  school = {University of North Carolina at Chapel Hill},
	address = {USA},
	url = {http://www.cs.unc.edu/techreports/89-022.pdf},
  year = {1989},
}

@article{Lorensen:1987:MCA,
 author = {Lorensen, William E. and Cline, Harvey E.},
 title = {Marching Cubes: A High Resolution {3D} Surface Construction Algorithm},
 journal = {SIGGRAPH Computer Graphics},
 volume = {21},
 number = {4},
 month = aug,
 year = {1987},
 pages = {163--169},
 doi = {10.1145/37402.37422},
}

@article{Max:1995:OMF,
 author = {Max, Nelson},
 title = {Optical Models for Direct Volume Rendering},
 journal = {IEEE Transactions on Visualization and Computer Graphics},
 volume = {1},
 number = {2},
 month = jun,
 year = {1995},
 pages = {99--108},
 doi = {10.1109/2945.468400},
} 

@inproceedings{Nielson:1991:TAD,
  author = {Gregory M. Nielson and Bernd Hamann},
  title = {The Asymptotic Decider: Removing the Ambiguity in Marching Cubes},
  year = {1991},
  booktitle = {Proc.\ Visualization},
  pages = {83--91},
  doi={10.1109/VISUAL.1991.175782},
	publisher = {IEEE Computer Society},
	address = {Los Alamitos},
}

@book{Ware:2004:IVP,
  author = {Colin Ware},
  title = {Information Visualization: Perception for Design},
  edition = {2\textsuperscript{nd}},
  year = 2004,
  publisher = {Morgan Kaufmann Publishers Inc.},
  address = {San Francisco},
	doi = {https://dx.doi.org/10.1016/B978-155860819-1/50001-7}
}

@ARTICLE{Wyvill:1986:DSS,
  author = {Wyvill, Geoff and McPheeters, Craig and Wyvill, Brian},
  title = {Data Structure for \emph{soft} Objects},
  journal = {The Visual Computer},
  year = {1986},
  volume = {2},
  pages = {227--234},
  number = {4},
  month = aug,
  doi = {http://dx.doi.org/10.1007/BF01900346}
}
